@Online{11cases,
  author =      {Dilmegani Cem},
  lastchecked = {\today},
  title =       {11 AI Usecases in Customer Service in 2021: In-depth Guide},
  url =         {https://research.aimultiple.com/customer-service-ai/},
  year =        {2021}
}

@Online{hbr,
  author =      {Thomas H. Davenport and Rajeev Ronanki},
  lastchecked = {\today},
  title =       {Artificial Intelligence for the Real World},
  url =         {https://hbr.org/2018/01/artificial-intelligence-for-the-real-world},
  year =        {2018}
}

@Online{airole,
  author =      {Matej Kukucka},
  lastchecked = {\today},
  title =       {AI: The role of machine learning in customer experience},
  url =         {https://www.liveagent.com/blog/role-of-machine-learning-in-customer-experience},
  year =        {2021}
}

@Online{socialmonitor,
  author =      {Christina Newberry},
  lastchecked = {\today},
  title =       {15 of the Best Social Media Monitoring Tools to Save You Time},
  url =         {https://blog.hootsuite.com/social-media-monitoring-tools},
  year =        {2020}
}

@Online{socialmonitorcompare,
  author =      {G2.com},
  lastchecked = {\today},
  title =       {Social Media Monitoring Software},
  url =         {https://www.g2.com/categories/social-media-monitoring},
}

@Online{whysocialmonitor,
  author =      {Chen Jenn},
  lastchecked = {\today},
  title =       {Why brands need a social media monitoring strategy},
  url =         {https://sproutsocial.com/insights/social-media-monitoring},
  year =        {2020}
}

@Online{mckinsey,
  author =      {Gadi BenMark},
  lastchecked = {\today},
  title =       {Why the COO should lead social-media customer service},
  url =         {https://www.mckinsey.com/business-functions/marketing-and-sales/our-insights/why-the-coo-should-lead-social-media-customer-service},
  year =        {2014}
}

@Online{biometric,
  author =      {Dean Nicolls},
  lastchecked = {\today},
  title =       {What is Biometric Authentication?},
  url =         {https://www.jumio.com/what-is-biometric-authentication},
  year =        {2019}
}

@article{user_modeling,
  author  = {GEOFFREY I. WEBB1 and MICHAEL J. PAZZANI2 and DANIEL BILLSUS}, 
  title   = {Machine Learning for User Modeling},
  journal = {Kluwer Academic Publishers},
  year    = {2001},
  url={https://link.springer.com/content/pdf/10.1023/A:1011117102175.pdf}
}

@Online{microsoft,
  author =      {Neerja Rewal},
  lastchecked = {\today},
  title =       {Machine learning implementation strategy for a customer service center},
  url =         {https://cloudblogs.microsoft.com/dynamics365/no-audience/2018/02/07/machine-learning-implementation-strategy-for-a-customer-service-center},
  year =        {2018}
}

@Online{digitalgenius,
  author =      {https://www.digitalgenius.com},
  lastchecked = {\today},
  title =       {Digital Genius},
  url =         {https://www.digitalgenius.com},
  year =        {2020}
}

@Online{ubercota,
  author =      {Huaixiu Zheng and Yi-Chia Wang and Piero Molino},
  lastchecked = {\today},
  title =       {COTA: Improving Uber Customer Care with NLP \& Machine Learning},
  url =         {https://eng.uber.com/cota},
  year =        {2018}
}

@Online{chatbotsresearch,
  author =      {Atakan Kantarci},
  lastchecked = {\today},
  title =       {84 Chatbot /Conversational AI Statistics: Market Size, Adoption},
  url =         {https://research.aimultiple.com/chatbot-stats},
  year =        {2021}
}

@Online{chatbottesting,
  author =      {Cem Dilmegani},
  lastchecked = {\today},
  title =       {Chatbot testing in 2021 covering A/B, auto \& manual testing},
  url =         {https://research.aimultiple.com/chatbot-testing},
  year =        {2021}
}

@Online{chatbottestingframework,
  author =      {Cem Dilmegani},
  lastchecked = {\today},
  title =       {Top chatbot testing frameworks \& techniques in 2021},
  url =         {https://research.aimultiple.com/chatbot-testing-frameworks},
  year =        {2021}
}

@INPROCEEDINGS{8703237,  author={K. {Lanyo} and A. {Wausi}},  booktitle={2018 5th International Conference on Soft Computing   Machine Intelligence (ISCMI)},   title={A Comparative Study of Supervised and Unsupervised Classifiers Utilizing Extractive Text Summarization Techniques to Support Automated Customer Query Question-Answering},   year={2018},  volume={},  number={},  pages={88-92},  doi={10.1109/ISCMI.2018.8703237}}

@INPROCEEDINGS{8554881,  author={P. S. {Parmar} and P. K. {Biju} and M. {Shankar} and N. {Kadiresan}},  booktitle={2018 International Conference on Advances in Computing, Communications and Informatics (ICACCI)},   title={Multiclass Text Classification and Analytics for Improving Customer Support Response through different Classifiers},   year={2018},  volume={},  number={},  pages={538-542},  doi={10.1109/ICACCI.2018.8554881}}

@INPROCEEDINGS{9254369,  author={A. A. {Aktaş} and A. T. {Bayrak} and O. {Susuz} and O. {Tunalı}},  booktitle={2020 4th International Symposium on Multidisciplinary Studies and Innovative Technologies (ISMSIT)},   title={An Application of Unsupervised Clustering Approaches in Customer Segmentation},   year={2020},  volume={},  number={},  pages={1-6},  doi={10.1109/ISMSIT50672.2020.9254369}}

@INPROCEEDINGS{9322667,  author={M. M. {Khan}},  booktitle={2020 IEEE 17th International Conference on Smart Communities: Improving Quality of Life Using ICT, IoT and AI (HONET)},   title={Development of An e-commerce Sales Chatbot},   year={2020},  volume={},  number={},  pages={173-176},  doi={10.1109/HONET50430.2020.9322667}}

@INPROCEEDINGS{9335874,  author={J. G. {Nangoy} and N. H. {Shabrina}},  booktitle={2020 7th NAFOSTED Conference on Information and Computer Science (NICS)},   title={Analysis of Chatbot-Based Image Classification on Social Commerce LINE@ Platform},   year={2020},  volume={},  number={},  pages={232-237},  doi={10.1109/NICS51282.2020.9335874}}

@INPROCEEDINGS{9325440,  author={B. {Gamage} and R. {Pushpananda} and R. {Weerasinghe}},  booktitle={2020 20th International Conference on Advances in ICT for Emerging Regions (ICTer)},   title={The impact of using pre-trained word embeddings in Sinhala chatbots},   year={2020},  volume={},  number={},  pages={161-165},  doi={10.1109/ICTer51097.2020.9325440}}

@INPROCEEDINGS{9182954,  author={D. {Sarma} and W. {Alam} and I. {Saha} and M. N. {Alam} and M. J. {Alam} and S. {Hossain}},  booktitle={2020 Second International Conference on Inventive Research in Computing Applications (ICIRCA)},   title={Bank Fraud Detection using Community Detection Algorithm},   year={2020},  volume={},  number={},  pages={642-646},  doi={10.1109/ICIRCA48905.2020.9182954}}

@INPROCEEDINGS{9342475,  author={Y. {Chen} and X. {Han}},  booktitle={2021 IEEE International Conference on Consumer Electronics and Computer Engineering (ICCECE)},   title={CatBoost for Fraud Detection in Financial Transactions},   year={2021},  volume={},  number={},  pages={176-179},  doi={10.1109/ICCECE51280.2021.9342475}}

@INPROCEEDINGS{7972424,  author={N. {Malini} and M. {Pushpa}},  booktitle={2017 Third International Conference on Advances in Electrical, Electronics, Information, Communication and Bio-Informatics (AEEICB)},   title={Analysis on credit card fraud identification techniques based on KNN and outlier detection},   year={2017},  volume={},  number={},  pages={255-258},  doi={10.1109/AEEICB.2017.7972424}}

@Online{lingvo,
  author =      {Chacón Jiménez, Krisia},
  lastchecked = {\today},
  title =       {Renuncian a su trabajo en Intel para desarrollar plataforma que traduce Lesco. Ahora se aliaron con el BAC para expandir la solución},
  url =         {https://www.elfinancierocr.com/pymes/renuncian-a-su-trabajo-en-intel-para-desarrollar/IMUSURA4GBGUHO6SVT6VEFIVQQ/story},
  year =        {2019}
}